<?xml version="1.0" encoding="UTF-8"?><collection xmlns="http://www.loc.gov/MARC21/slim"><record><leader>00366nam--2200133-i-4500</leader><controlfield tag="001">000021360</controlfield><controlfield tag="002">20161230</controlfield><controlfield tag="005">20161230201034</controlfield><controlfield tag="008">060222s1000------------r-----000-0-eng-d</controlfield><datafield ind1=" " ind2=" " tag="100"><subfield code="a">Iamanov, S.A</subfield></datafield><datafield ind1=" " ind2=" " tag="245"><subfield code="a">Sacicov, d.d</subfield></datafield><datafield ind1=" " ind2=" " tag="260"><subfield code="a">Metode De Protectie A Pieselor De Radio Contra Umiditatii</subfield></datafield><datafield ind1=" " ind2=" " tag="490"><subfield code="a">Bucuresti, Ed. Energetica De Stat, 1953. 61p</subfield></datafield><datafield ind1=" " ind2=" " tag="852"><subfield code="a">621.396</subfield></datafield></record></collection>